%YAML 1.1
%TAG !u! tag:unity3d.com,2011:
--- !u!29 &1
OcclusionCullingSettings:
  m_ObjectHideFlags: 0
  serializedVersion: 2
  m_OcclusionBakeSettings:
    smallestOccluder: 5
    smallestHole: 0.25
    backfaceThreshold: 100
  m_SceneGUID: 00000000000000000000000000000000
  m_OcclusionCullingData: {fileID: 0}
--- !u!104 &2
RenderSettings:
  m_ObjectHideFlags: 0
  serializedVersion: 9
  m_Fog: 0
  m_FogColor: {r: 0.5, g: 0.5, b: 0.5, a: 1}
  m_FogMode: 3
  m_FogDensity: 0.01
  m_LinearFogStart: 0
  m_LinearFogEnd: 300
  m_AmbientSkyColor: {r: 0.9056604, g: 0.9056604, b: 0.9056604, a: 1}
  m_AmbientEquatorColor: {r: 0.114, g: 0.125, b: 0.133, a: 1}
  m_AmbientGroundColor: {r: 0.047, g: 0.043, b: 0.035, a: 1}
  m_AmbientIntensity: 1
  m_AmbientMode: 0
  m_SubtractiveShadowColor: {r: 0.42, g: 0.478, b: 0.627, a: 1}
  m_SkyboxMaterial: {fileID: 0}
  m_HaloStrength: 0.5
  m_FlareStrength: 1
  m_FlareFadeSpeed: 3
  m_HaloTexture: {fileID: 0}
  m_SpotCookie: {fileID: 10001, guid: 0000000000000000e000000000000000, type: 0}
  m_DefaultReflectionMode: 0
  m_DefaultReflectionResolution: 128
  m_ReflectionBounces: 1
  m_ReflectionIntensity: 1
  m_CustomReflection: {fileID: 0}
  m_Sun: {fileID: 0}
  m_IndirectSpecularColor: {r: 0, g: 0, b: 0, a: 1}
  m_UseRadianceAmbientProbe: 0
--- !u!157 &3
LightmapSettings:
  m_ObjectHideFlags: 0
  serializedVersion: 11
  m_GIWorkflowMode: 1
  m_GISettings:
    serializedVersion: 2
    m_BounceScale: 1
    m_IndirectOutputScale: 1
    m_AlbedoBoost: 1
    m_EnvironmentLightingMode: 0
    m_EnableBakedLightmaps: 1
    m_EnableRealtimeLightmaps: 0
  m_LightmapEditorSettings:
    serializedVersion: 12
    m_Resolution: 2
    m_BakeResolution: 40
    m_AtlasSize: 1024
    m_AO: 0
    m_AOMaxDistance: 1
    m_CompAOExponent: 1
    m_CompAOExponentDirect: 0
    m_ExtractAmbientOcclusion: 0
    m_Padding: 2
    m_LightmapParameters: {fileID: 0}
    m_LightmapsBakeMode: 1
    m_TextureCompression: 1
    m_FinalGather: 0
    m_FinalGatherFiltering: 1
    m_FinalGatherRayCount: 256
    m_ReflectionCompression: 2
    m_MixedBakeMode: 2
    m_BakeBackend: 1
    m_PVRSampling: 1
    m_PVRDirectSampleCount: 32
    m_PVRSampleCount: 500
    m_PVRBounces: 2
    m_PVREnvironmentSampleCount: 500
    m_PVREnvironmentReferencePointCount: 2048
    m_PVRFilteringMode: 2
    m_PVRDenoiserTypeDirect: 0
    m_PVRDenoiserTypeIndirect: 0
    m_PVRDenoiserTypeAO: 0
    m_PVRFilterTypeDirect: 0
    m_PVRFilterTypeIndirect: 0
    m_PVRFilterTypeAO: 0
    m_PVREnvironmentMIS: 0
    m_PVRCulling: 1
    m_PVRFilteringGaussRadiusDirect: 1
    m_PVRFilteringGaussRadiusIndirect: 5
    m_PVRFilteringGaussRadiusAO: 2
    m_PVRFilteringAtrousPositionSigmaDirect: 0.5
    m_PVRFilteringAtrousPositionSigmaIndirect: 2
    m_PVRFilteringAtrousPositionSigmaAO: 1
    m_ExportTrainingData: 0
    m_TrainingDataDestination: TrainingData
    m_LightProbeSampleCountMultiplier: 4
  m_LightingDataAsset: {fileID: 112000000, guid: bac4bbbe07eeff14fbe41dd41ae34b6f,
    type: 2}
  m_UseShadowmask: 0
--- !u!196 &4
NavMeshSettings:
  serializedVersion: 2
  m_ObjectHideFlags: 0
  m_BuildSettings:
    serializedVersion: 2
    agentTypeID: 0
    agentRadius: 0.5
    agentHeight: 2
    agentSlope: 45
    agentClimb: 0.4
    ledgeDropHeight: 0
    maxJumpAcrossDistance: 0
    minRegionArea: 2
    manualCellSize: 0
    cellSize: 0.16666667
    manualTileSize: 0
    tileSize: 256
    accuratePlacement: 0
    debug:
      m_Flags: 0
  m_NavMeshData: {fileID: 0}
--- !u!1 &270809891
GameObject:
  m_ObjectHideFlags: 0
  m_CorrespondingSourceObject: {fileID: 0}
  m_PrefabInstance: {fileID: 0}
  m_PrefabAsset: {fileID: 0}
  serializedVersion: 6
  m_Component:
  - component: {fileID: 283670818}
  - component: {fileID: 1770089313}
  - component: {fileID: 1359096165}
  m_Layer: 0
  m_Name: GvrEventSystem
  m_TagString: Untagged
  m_Icon: {fileID: 0}
  m_NavMeshLayer: 0
  m_StaticEditorFlags: 0
  m_IsActive: 0
--- !u!4 &283670818
Transform:
  m_ObjectHideFlags: 0
  m_CorrespondingSourceObject: {fileID: 0}
  m_PrefabInstance: {fileID: 0}
  m_PrefabAsset: {fileID: 0}
  m_GameObject: {fileID: 270809891}
  m_LocalRotation: {x: 0, y: 0, z: 0, w: 1}
  m_LocalPosition: {x: 0, y: 0, z: 0}
  m_LocalScale: {x: 1, y: 1, z: 1}
  m_Children: []
  m_Father: {fileID: 0}
  m_RootOrder: 1
  m_LocalEulerAnglesHint: {x: 0, y: 0, z: 0}
--- !u!1 &416986131
GameObject:
  m_ObjectHideFlags: 0
  m_CorrespondingSourceObject: {fileID: 0}
  m_PrefabInstance: {fileID: 0}
  m_PrefabAsset: {fileID: 0}
  serializedVersion: 6
  m_Component:
  - component: {fileID: 416986133}
  - component: {fileID: 416986132}
  - component: {fileID: 416986134}
  m_Layer: 0
  m_Name: GameEvents
  m_TagString: Untagged
  m_Icon: {fileID: 0}
  m_NavMeshLayer: 0
  m_StaticEditorFlags: 0
  m_IsActive: 0
--- !u!114 &416986132
MonoBehaviour:
  m_ObjectHideFlags: 0
  m_CorrespondingSourceObject: {fileID: 0}
  m_PrefabInstance: {fileID: 0}
  m_PrefabAsset: {fileID: 0}
  m_GameObject: {fileID: 416986131}
  m_Enabled: 1
  m_EditorHideFlags: 0
  m_Script: {fileID: 11500000, guid: a5adff6c853c39948b5cedcc33afa30d, type: 3}
  m_Name: 
  m_EditorClassIdentifier: 
--- !u!4 &416986133
Transform:
  m_ObjectHideFlags: 0
  m_CorrespondingSourceObject: {fileID: 0}
  m_PrefabInstance: {fileID: 0}
  m_PrefabAsset: {fileID: 0}
  m_GameObject: {fileID: 416986131}
  m_LocalRotation: {x: 0, y: 0, z: 0, w: 1}
  m_LocalPosition: {x: 0, y: 0, z: 0}
  m_LocalScale: {x: 1, y: 1, z: 1}
  m_Children: []
  m_Father: {fileID: 0}
  m_RootOrder: 3
  m_LocalEulerAnglesHint: {x: 0, y: 0, z: 0}
--- !u!114 &416986134
MonoBehaviour:
  m_ObjectHideFlags: 0
  m_CorrespondingSourceObject: {fileID: 0}
  m_PrefabInstance: {fileID: 0}
  m_PrefabAsset: {fileID: 0}
  m_GameObject: {fileID: 416986131}
  m_Enabled: 1
  m_EditorHideFlags: 0
  m_Script: {fileID: 11500000, guid: b1374b720b1736e428595912b9d9e049, type: 3}
  m_Name: 
  m_EditorClassIdentifier: 
--- !u!1 &477606301 stripped
GameObject:
  m_CorrespondingSourceObject: {fileID: 100016, guid: 4bb9bd8f7a8a39e4d83b2e4bf0a4dbd4,
    type: 3}
  m_PrefabInstance: {fileID: 935598234}
  m_PrefabAsset: {fileID: 0}
--- !u!114 &477606303
MonoBehaviour:
  m_ObjectHideFlags: 0
  m_CorrespondingSourceObject: {fileID: 0}
  m_PrefabInstance: {fileID: 0}
  m_PrefabAsset: {fileID: 0}
  m_GameObject: {fileID: 477606301}
  m_Enabled: 1
  m_EditorHideFlags: 0
  m_Script: {fileID: 11500000, guid: d0b148fe25e99eb48b9724523833bab1, type: 3}
  m_Name: 
  m_EditorClassIdentifier: 
  m_Delegates:
  - eventID: 0
    callback:
      m_PersistentCalls:
        m_Calls:
        - m_Target: {fileID: 477606305}
          m_MethodName: Highlight
          m_Mode: 6
          m_Arguments:
            m_ObjectArgument: {fileID: 0}
            m_ObjectArgumentAssemblyTypeName: UnityEngine.Object, UnityEngine
            m_IntArgument: 0
            m_FloatArgument: 0
            m_StringArgument: 
            m_BoolArgument: 1
          m_CallState: 2
  - eventID: 1
    callback:
      m_PersistentCalls:
        m_Calls:
        - m_Target: {fileID: 477606305}
          m_MethodName: Highlight
          m_Mode: 6
          m_Arguments:
            m_ObjectArgument: {fileID: 0}
            m_ObjectArgumentAssemblyTypeName: UnityEngine.Object, UnityEngine
            m_IntArgument: 0
            m_FloatArgument: 0
            m_StringArgument: 
            m_BoolArgument: 0
          m_CallState: 2
--- !u!64 &477606304
MeshCollider:
  m_ObjectHideFlags: 0
  m_CorrespondingSourceObject: {fileID: 0}
  m_PrefabInstance: {fileID: 0}
  m_PrefabAsset: {fileID: 0}
  m_GameObject: {fileID: 477606301}
  m_Material: {fileID: 0}
  m_IsTrigger: 0
  m_Enabled: 1
  serializedVersion: 4
  m_Convex: 0
  m_CookingOptions: 30
  m_Mesh: {fileID: 4300006, guid: 4bb9bd8f7a8a39e4d83b2e4bf0a4dbd4, type: 3}
--- !u!114 &477606305
MonoBehaviour:
  m_ObjectHideFlags: 0
  m_CorrespondingSourceObject: {fileID: 0}
  m_PrefabInstance: {fileID: 0}
  m_PrefabAsset: {fileID: 0}
  m_GameObject: {fileID: 477606301}
  m_Enabled: 1
  m_EditorHideFlags: 0
  m_Script: {fileID: 11500000, guid: 5009cbb7e54994bb586cde7a70f34e6b, type: 3}
  m_Name: 
  m_EditorClassIdentifier: 
  triggerMode: 0
  raycastCamera: {fileID: 2101288299}
  raycastSource: 0
  maxDistance: 0
--- !u!114 &477606306
MonoBehaviour:
  m_ObjectHideFlags: 0
  m_CorrespondingSourceObject: {fileID: 0}
  m_PrefabInstance: {fileID: 0}
  m_PrefabAsset: {fileID: 0}
  m_GameObject: {fileID: 477606301}
  m_Enabled: 1
  m_EditorHideFlags: 0
  m_Script: {fileID: 11500000, guid: 888380afc233049ce9e618f9f36c8ba8, type: 3}
  m_Name: 
  m_EditorClassIdentifier: 
  profile: {fileID: 0}
  profileSync: 0
  previewInEditor: 1
  effectGroup: 0
  effectGroupLayer:
    serializedVersion: 2
    m_Bits: 4294967295
  alphaCutOff: 0
  cullBackFaces: 1
  ignoreObjectVisibility: 0
  reflectionProbes: 0
  depthClip: 0
  ignore: 0
  _highlighted: 0
  fadeInDuration: 0
  fadeOutDuration: 0
  flipY: 0
  constantWidth: 1
  overlay: 0.5
  overlayColor: {r: 1, g: 0.92156863, b: 0.015686275, a: 1}
  overlayAnimationSpeed: 1
  overlayMinIntensity: 0.5
  overlayBlending: 1
  outline: 1
  outlineColor: {r: 0, g: 0, b: 0, a: 1}
  outlineWidth: 0.45
  outlineQuality: 1
  outlineDownsampling: 2
  outlineVisibility: 0
  outlineOptimalBlit: 1
  outlineBlitDebug: 0
  outlineIndependent: 0
  glow: 3
  glowWidth: 0.4
  glowQuality: 1
  glowDownsampling: 2
  glowHQColor: {r: 0.64, g: 1, b: 0, a: 1}
  glowDithering: 1
  glowBlendMode: 0
  glowMagicNumber1: 0.75
  glowMagicNumber2: 0.5
  glowAnimationSpeed: 1
  glowVisibility: 0
  glowOptimalBlit: 1
  glowBlitDebug: 0
  glowPasses:
  - offset: 4
    alpha: 0.1
    color: {r: 0.64, g: 1, b: 0, a: 1}
  - offset: 3
    alpha: 0.2
    color: {r: 0.64, g: 1, b: 0, a: 1}
  - offset: 2
    alpha: 0.3
    color: {r: 0.64, g: 1, b: 0, a: 1}
  - offset: 1
    alpha: 0.4
    color: {r: 0.64, g: 1, b: 0, a: 1}
  innerGlow: 0
  innerGlowWidth: 1
  innerGlowColor: {r: 1, g: 1, b: 1, a: 1}
  innerGlowVisibility: 0
  targetFX: 0
  targetFXTexture: {fileID: 0}
  targetFXColor: {r: 1, g: 1, b: 1, a: 1}
  targetFXCenter: {fileID: 0}
  targetFXRotationSpeed: 50
  targetFXInitialScale: 4
  targetFXEndScale: 1.5
  targetFXTransitionDuration: 0.5
  targetFXStayDuration: 1.5
  seeThrough: 0
  seeThroughOccluderMask:
    serializedVersion: 2
    m_Bits: 4294967295
  seeThroughOccluderThreshold: 0.3
  seeThroughOccluderCheckInterval: 1
  seeThroughIntensity: 0.8
  seeThroughTintAlpha: 0.5
  seeThroughTintColor: {r: 1, g: 0, b: 0, a: 1}
  seeThroughNoise: 1
  seeThroughBorder: 0
  seeThroughBorderColor: {r: 0, g: 0, b: 0, a: 1}
  seeThroughBorderWidth: 0.45
  rmsCount: 1
--- !u!1001 &554333224
PrefabInstance:
  m_ObjectHideFlags: 0
  serializedVersion: 2
  m_Modification:
    m_TransformParent: {fileID: 1859300436}
    m_Modifications:
    - target: {fileID: 171526, guid: 60270cf52a5e94998a5a335989159738, type: 3}
      propertyPath: m_Name
      value: GvrReticlePointer
      objectReference: {fileID: 0}
    - target: {fileID: 171526, guid: 60270cf52a5e94998a5a335989159738, type: 3}
      propertyPath: m_IsActive
      value: 1
      objectReference: {fileID: 0}
    - target: {fileID: 482300, guid: 60270cf52a5e94998a5a335989159738, type: 3}
      propertyPath: m_LocalPosition.x
      value: 0
      objectReference: {fileID: 0}
    - target: {fileID: 482300, guid: 60270cf52a5e94998a5a335989159738, type: 3}
      propertyPath: m_LocalPosition.y
      value: 0
      objectReference: {fileID: 0}
    - target: {fileID: 482300, guid: 60270cf52a5e94998a5a335989159738, type: 3}
      propertyPath: m_LocalPosition.z
      value: 0
      objectReference: {fileID: 0}
    - target: {fileID: 482300, guid: 60270cf52a5e94998a5a335989159738, type: 3}
      propertyPath: m_LocalRotation.x
      value: 0
      objectReference: {fileID: 0}
    - target: {fileID: 482300, guid: 60270cf52a5e94998a5a335989159738, type: 3}
      propertyPath: m_LocalRotation.y
      value: 0
      objectReference: {fileID: 0}
    - target: {fileID: 482300, guid: 60270cf52a5e94998a5a335989159738, type: 3}
      propertyPath: m_LocalRotation.z
      value: 0
      objectReference: {fileID: 0}
    - target: {fileID: 482300, guid: 60270cf52a5e94998a5a335989159738, type: 3}
      propertyPath: m_LocalRotation.w
      value: 1
      objectReference: {fileID: 0}
    - target: {fileID: 482300, guid: 60270cf52a5e94998a5a335989159738, type: 3}
      propertyPath: m_RootOrder
      value: 0
      objectReference: {fileID: 0}
    - target: {fileID: 482300, guid: 60270cf52a5e94998a5a335989159738, type: 3}
      propertyPath: m_LocalEulerAnglesHint.x
      value: 0
      objectReference: {fileID: 0}
    - target: {fileID: 482300, guid: 60270cf52a5e94998a5a335989159738, type: 3}
      propertyPath: m_LocalEulerAnglesHint.y
      value: 0
      objectReference: {fileID: 0}
    - target: {fileID: 482300, guid: 60270cf52a5e94998a5a335989159738, type: 3}
      propertyPath: m_LocalEulerAnglesHint.z
      value: 0
      objectReference: {fileID: 0}
    - target: {fileID: 723926960, guid: 60270cf52a5e94998a5a335989159738, type: 3}
      propertyPath: overridePointerCamera
      value: 
      objectReference: {fileID: 1859300438}
    m_RemovedComponents: []
  m_SourcePrefab: {fileID: 100100000, guid: 60270cf52a5e94998a5a335989159738, type: 3}
--- !u!1 &705507993
GameObject:
  m_ObjectHideFlags: 0
  m_CorrespondingSourceObject: {fileID: 0}
  m_PrefabInstance: {fileID: 0}
  m_PrefabAsset: {fileID: 0}
  serializedVersion: 6
  m_Component:
  - component: {fileID: 705507995}
  - component: {fileID: 705507994}
  m_Layer: 0
  m_Name: Directional Light
  m_TagString: Untagged
  m_Icon: {fileID: 0}
  m_NavMeshLayer: 0
  m_StaticEditorFlags: 0
  m_IsActive: 1
--- !u!108 &705507994
Light:
  m_ObjectHideFlags: 0
  m_CorrespondingSourceObject: {fileID: 0}
  m_PrefabInstance: {fileID: 0}
  m_PrefabAsset: {fileID: 0}
  m_GameObject: {fileID: 705507993}
  m_Enabled: 1
  serializedVersion: 10
  m_Type: 1
  m_Shape: 0
  m_Color: {r: 1, g: 1, b: 1, a: 1}
  m_Intensity: 1
  m_Range: 10
  m_SpotAngle: 30
  m_InnerSpotAngle: 21.80208
  m_CookieSize: 10
  m_Shadows:
    m_Type: 2
    m_Resolution: -1
    m_CustomResolution: -1
    m_Strength: 1
    m_Bias: 0.05
    m_NormalBias: 0.4
    m_NearPlane: 0.2
    m_CullingMatrixOverride:
      e00: 1
      e01: 0
      e02: 0
      e03: 0
      e10: 0
      e11: 1
      e12: 0
      e13: 0
      e20: 0
      e21: 0
      e22: 1
      e23: 0
      e30: 0
      e31: 0
      e32: 0
      e33: 1
    m_UseCullingMatrixOverride: 0
  m_Cookie: {fileID: 0}
  m_DrawHalo: 0
  m_Flare: {fileID: 0}
  m_RenderMode: 0
  m_CullingMask:
    serializedVersion: 2
    m_Bits: 4294967295
  m_RenderingLayerMask: 1
  m_Lightmapping: 1
  m_LightShadowCasterMode: 0
  m_AreaSize: {x: 1, y: 1}
  m_BounceIntensity: 1
  m_ColorTemperature: 6570
  m_UseColorTemperature: 0
  m_BoundingSphereOverride: {x: 0, y: 0, z: 0, w: 0}
  m_UseBoundingSphereOverride: 0
  m_ShadowRadius: 0
  m_ShadowAngle: 0
--- !u!4 &705507995
Transform:
  m_ObjectHideFlags: 0
  m_CorrespondingSourceObject: {fileID: 0}
  m_PrefabInstance: {fileID: 0}
  m_PrefabAsset: {fileID: 0}
  m_GameObject: {fileID: 705507993}
  m_LocalRotation: {x: 0.38302222, y: 0.38302222, z: -0.17860618, w: 0.82139385}
  m_LocalPosition: {x: 0, y: 3, z: 0}
  m_LocalScale: {x: 1, y: 1, z: 1}
  m_Children: []
  m_Father: {fileID: 0}
  m_RootOrder: 0
  m_LocalEulerAnglesHint: {x: 50, y: 50, z: 0}
--- !u!1 &741127700
GameObject:
  m_ObjectHideFlags: 0
  m_CorrespondingSourceObject: {fileID: 0}
  m_PrefabInstance: {fileID: 0}
  m_PrefabAsset: {fileID: 0}
  serializedVersion: 6
  m_Component:
  - component: {fileID: 741127701}
  - component: {fileID: 741127703}
  - component: {fileID: 741127702}
  m_Layer: 0
  m_Name: Plane_059_Plane_054 (1)
  m_TagString: Untagged
  m_Icon: {fileID: 0}
  m_NavMeshLayer: 0
  m_StaticEditorFlags: 0
  m_IsActive: 1
--- !u!4 &741127701
Transform:
  m_ObjectHideFlags: 0
  m_CorrespondingSourceObject: {fileID: 0}
  m_PrefabInstance: {fileID: 0}
  m_PrefabAsset: {fileID: 0}
  m_GameObject: {fileID: 741127700}
  m_LocalRotation: {x: -0.7071068, y: 0, z: -0, w: 0.7071068}
  m_LocalPosition: {x: 0, y: 0, z: 3.92}
  m_LocalScale: {x: 1, y: 1, z: 1}
  m_Children: []
  m_Father: {fileID: 1392704228}
  m_RootOrder: 20
  m_LocalEulerAnglesHint: {x: 0, y: 0, z: 0}
--- !u!23 &741127702
MeshRenderer:
  m_ObjectHideFlags: 0
  m_CorrespondingSourceObject: {fileID: 0}
  m_PrefabInstance: {fileID: 0}
  m_PrefabAsset: {fileID: 0}
  m_GameObject: {fileID: 741127700}
  m_Enabled: 1
  m_CastShadows: 1
  m_ReceiveShadows: 1
  m_DynamicOccludee: 1
  m_MotionVectors: 1
  m_LightProbeUsage: 1
  m_ReflectionProbeUsage: 1
  m_RayTracingMode: 2
  m_RenderingLayerMask: 1
  m_RendererPriority: 0
  m_Materials:
  - {fileID: 2100000, guid: b956166a02a28c94a9b98e61ba10ff98, type: 2}
  m_StaticBatchInfo:
    firstSubMesh: 0
    subMeshCount: 0
  m_StaticBatchRoot: {fileID: 0}
  m_ProbeAnchor: {fileID: 0}
  m_LightProbeVolumeOverride: {fileID: 0}
  m_ScaleInLightmap: 1
  m_ReceiveGI: 1
  m_PreserveUVs: 0
  m_IgnoreNormalsForChartDetection: 0
  m_ImportantGI: 0
  m_StitchLightmapSeams: 1
  m_SelectedEditorRenderState: 3
  m_MinimumChartSize: 4
  m_AutoUVMaxDistance: 0.5
  m_AutoUVMaxAngle: 89
  m_LightmapParameters: {fileID: 0}
  m_SortingLayerID: 0
  m_SortingLayer: 0
  m_SortingOrder: 0
--- !u!33 &741127703
MeshFilter:
  m_ObjectHideFlags: 0
  m_CorrespondingSourceObject: {fileID: 0}
  m_PrefabInstance: {fileID: 0}
  m_PrefabAsset: {fileID: 0}
  m_GameObject: {fileID: 741127700}
  m_Mesh: {fileID: 4300010, guid: 4bb9bd8f7a8a39e4d83b2e4bf0a4dbd4, type: 3}
--- !u!1001 &935598234
PrefabInstance:
  m_ObjectHideFlags: 0
  serializedVersion: 2
  m_Modification:
    m_TransformParent: {fileID: 0}
    m_Modifications:
    - target: {fileID: 100008, guid: 4bb9bd8f7a8a39e4d83b2e4bf0a4dbd4, type: 3}
      propertyPath: m_Name
      value: Escuela001
      objectReference: {fileID: 0}
    - target: {fileID: 400008, guid: 4bb9bd8f7a8a39e4d83b2e4bf0a4dbd4, type: 3}
      propertyPath: m_LocalPosition.x
      value: 4
      objectReference: {fileID: 0}
    - target: {fileID: 400008, guid: 4bb9bd8f7a8a39e4d83b2e4bf0a4dbd4, type: 3}
      propertyPath: m_LocalPosition.y
      value: 0
      objectReference: {fileID: 0}
    - target: {fileID: 400008, guid: 4bb9bd8f7a8a39e4d83b2e4bf0a4dbd4, type: 3}
      propertyPath: m_LocalPosition.z
      value: 0
      objectReference: {fileID: 0}
    - target: {fileID: 400008, guid: 4bb9bd8f7a8a39e4d83b2e4bf0a4dbd4, type: 3}
      propertyPath: m_LocalRotation.x
      value: -0
      objectReference: {fileID: 0}
    - target: {fileID: 400008, guid: 4bb9bd8f7a8a39e4d83b2e4bf0a4dbd4, type: 3}
      propertyPath: m_LocalRotation.y
      value: -0.70710576
      objectReference: {fileID: 0}
    - target: {fileID: 400008, guid: 4bb9bd8f7a8a39e4d83b2e4bf0a4dbd4, type: 3}
      propertyPath: m_LocalRotation.z
      value: -0
      objectReference: {fileID: 0}
    - target: {fileID: 400008, guid: 4bb9bd8f7a8a39e4d83b2e4bf0a4dbd4, type: 3}
      propertyPath: m_LocalRotation.w
      value: 0.70710784
      objectReference: {fileID: 0}
    - target: {fileID: 400008, guid: 4bb9bd8f7a8a39e4d83b2e4bf0a4dbd4, type: 3}
      propertyPath: m_RootOrder
      value: 4
      objectReference: {fileID: 0}
    - target: {fileID: 400008, guid: 4bb9bd8f7a8a39e4d83b2e4bf0a4dbd4, type: 3}
      propertyPath: m_LocalEulerAnglesHint.x
      value: 0
      objectReference: {fileID: 0}
    - target: {fileID: 400008, guid: 4bb9bd8f7a8a39e4d83b2e4bf0a4dbd4, type: 3}
      propertyPath: m_LocalEulerAnglesHint.y
      value: -90.00001
      objectReference: {fileID: 0}
    - target: {fileID: 400008, guid: 4bb9bd8f7a8a39e4d83b2e4bf0a4dbd4, type: 3}
      propertyPath: m_LocalEulerAnglesHint.z
      value: 0
      objectReference: {fileID: 0}
    - target: {fileID: 400016, guid: 4bb9bd8f7a8a39e4d83b2e4bf0a4dbd4, type: 3}
      propertyPath: m_LocalPosition.z
      value: 0.2
      objectReference: {fileID: 0}
    m_RemovedComponents: []
  m_SourcePrefab: {fileID: 100100000, guid: 4bb9bd8f7a8a39e4d83b2e4bf0a4dbd4, type: 3}
--- !u!1 &975950024 stripped
GameObject:
  m_CorrespondingSourceObject: {fileID: 1325129670532142, guid: c61e4de741d37461e85f25866d1ebd31,
    type: 3}
  m_PrefabInstance: {fileID: 1859300429}
  m_PrefabAsset: {fileID: 0}
--- !u!114 &975950026
MonoBehaviour:
  m_ObjectHideFlags: 0
  m_CorrespondingSourceObject: {fileID: 0}
  m_PrefabInstance: {fileID: 0}
  m_PrefabAsset: {fileID: 0}
  m_GameObject: {fileID: 975950024}
  m_Enabled: 1
  m_EditorHideFlags: 0
  m_Script: {fileID: 11500000, guid: eb5dd43baba2d4dc1bab789615567e3d, type: 3}
  m_Name: 
  m_EditorClassIdentifier: 
  raycasterEventMask:
    serializedVersion: 2
    m_Bits: 4294967295
  maxRaycastHits: 64
--- !u!20 &975950027 stripped
Camera:
  m_CorrespondingSourceObject: {fileID: 20572450475250664, guid: c61e4de741d37461e85f25866d1ebd31,
    type: 3}
  m_PrefabInstance: {fileID: 1859300429}
  m_PrefabAsset: {fileID: 0}
--- !u!114 &975950028
MonoBehaviour:
  m_ObjectHideFlags: 0
  m_CorrespondingSourceObject: {fileID: 0}
  m_PrefabInstance: {fileID: 0}
  m_PrefabAsset: {fileID: 0}
  m_GameObject: {fileID: 975950024}
  m_Enabled: 1
  m_EditorHideFlags: 0
  m_Script: {fileID: 11500000, guid: a79441f348de89743a2939f4d699eac1, type: 3}
  m_Name: 
  m_EditorClassIdentifier: 
  m_RenderShadows: 1
  m_RequiresDepthTextureOption: 2
  m_RequiresOpaqueTextureOption: 2
  m_CameraType: 0
  m_Cameras: []
  m_RendererIndex: -1
  m_VolumeLayerMask:
    serializedVersion: 2
    m_Bits: 1
  m_VolumeTrigger: {fileID: 0}
  m_RenderPostProcessing: 0
  m_Antialiasing: 0
  m_AntialiasingQuality: 2
  m_StopNaN: 0
  m_Dithering: 0
  m_ClearDepth: 1
  m_RequiresDepthTexture: 0
  m_RequiresColorTexture: 0
  m_Version: 2
--- !u!1 &1089838219
GameObject:
  m_ObjectHideFlags: 0
  m_CorrespondingSourceObject: {fileID: 0}
  m_PrefabInstance: {fileID: 0}
  m_PrefabAsset: {fileID: 0}
  serializedVersion: 6
  m_Component:
  - component: {fileID: 1089838220}
  m_Layer: 0
  m_Name: CameraSet
  m_TagString: Untagged
  m_Icon: {fileID: 0}
  m_NavMeshLayer: 0
  m_StaticEditorFlags: 0
  m_IsActive: 1
--- !u!4 &1089838220
Transform:
  m_ObjectHideFlags: 0
  m_CorrespondingSourceObject: {fileID: 0}
  m_PrefabInstance: {fileID: 0}
  m_PrefabAsset: {fileID: 0}
  m_GameObject: {fileID: 1089838219}
  m_LocalRotation: {x: 0, y: 0.7071068, z: 0, w: 0.7071068}
  m_LocalPosition: {x: 0, y: 0, z: 0}
  m_LocalScale: {x: 1, y: 1, z: 1}
  m_Children: []
  m_Father: {fileID: 0}
  m_RootOrder: 5
  m_LocalEulerAnglesHint: {x: 0, y: 90, z: 0}
--- !u!114 &1359096165
MonoBehaviour:
  m_ObjectHideFlags: 0
  m_CorrespondingSourceObject: {fileID: 0}
  m_PrefabInstance: {fileID: 0}
  m_PrefabAsset: {fileID: 0}
  m_GameObject: {fileID: 270809891}
  m_Enabled: 1
  m_EditorHideFlags: 0
  m_Script: {fileID: 11500000, guid: 76c392e42b5098c458856cdf6ecaaaa1, type: 3}
  m_Name: 
  m_EditorClassIdentifier: 
  m_FirstSelected: {fileID: 0}
  m_sendNavigationEvents: 1
  m_DragThreshold: 20
--- !u!4 &1392704228 stripped
Transform:
  m_CorrespondingSourceObject: {fileID: 400008, guid: 4bb9bd8f7a8a39e4d83b2e4bf0a4dbd4,
    type: 3}
  m_PrefabInstance: {fileID: 935598234}
  m_PrefabAsset: {fileID: 0}
--- !u!114 &1504066976 stripped
MonoBehaviour:
  m_CorrespondingSourceObject: {fileID: 723926960, guid: 60270cf52a5e94998a5a335989159738,
    type: 3}
  m_PrefabInstance: {fileID: 554333224}
  m_PrefabAsset: {fileID: 0}
  m_GameObject: {fileID: 0}
  m_Enabled: 1
  m_EditorHideFlags: 0
  m_Script: {fileID: 11500000, guid: e7dcc90c2e60c4011896c7f21fc1f557, type: 3}
  m_Name: 
  m_EditorClassIdentifier: 
--- !u!1 &1755722747 stripped
GameObject:
  m_CorrespondingSourceObject: {fileID: 1611361787474004, guid: c61e4de741d37461e85f25866d1ebd31,
    type: 3}
  m_PrefabInstance: {fileID: 1859300429}
  m_PrefabAsset: {fileID: 0}
--- !u!114 &1755722751
MonoBehaviour:
  m_ObjectHideFlags: 0
  m_CorrespondingSourceObject: {fileID: 0}
  m_PrefabInstance: {fileID: 0}
  m_PrefabAsset: {fileID: 0}
  m_GameObject: {fileID: 1755722747}
  m_Enabled: 1
  m_EditorHideFlags: 0
  m_Script: {fileID: 11500000, guid: a74498b8dabc1bf4993246923983e965, type: 3}
  m_Name: 
  m_EditorClassIdentifier: 
  pointer: {fileID: 1504066976}
  mainCamera: {fileID: 1859300438}
  eyeCamera: {fileID: 975950027}
  isPointerInMain: 0
--- !u!114 &1770089313
MonoBehaviour:
  m_ObjectHideFlags: 0
  m_CorrespondingSourceObject: {fileID: 0}
  m_PrefabInstance: {fileID: 0}
  m_PrefabAsset: {fileID: 0}
  m_GameObject: {fileID: 270809891}
  m_Enabled: 1
  m_EditorHideFlags: 0
  m_Script: {fileID: 11500000, guid: fcd4baceb58cc40c98e500572bede6a6, type: 3}
  m_Name: 
  m_EditorClassIdentifier: 
  vrModeOnly: 0
  scrollInput:
    inertia: 1
    decelerationRate: 0.05
--- !u!1001 &1859300429
PrefabInstance:
  m_ObjectHideFlags: 0
  serializedVersion: 2
  m_Modification:
    m_TransformParent: {fileID: 0}
    m_Modifications:
    - target: {fileID: 1207760918314088, guid: c61e4de741d37461e85f25866d1ebd31, type: 3}
      propertyPath: m_TagString
      value: Untagged
      objectReference: {fileID: 0}
    - target: {fileID: 1611361787474004, guid: c61e4de741d37461e85f25866d1ebd31, type: 3}
      propertyPath: m_Name
      value: WebXRCameraSet
      objectReference: {fileID: 0}
    - target: {fileID: 1611361787474004, guid: c61e4de741d37461e85f25866d1ebd31, type: 3}
      propertyPath: m_IsActive
      value: 0
      objectReference: {fileID: 0}
    - target: {fileID: 1799026754646168, guid: c61e4de741d37461e85f25866d1ebd31, type: 3}
      propertyPath: m_IsActive
      value: 0
      objectReference: {fileID: 0}
    - target: {fileID: 1854678450583440, guid: c61e4de741d37461e85f25866d1ebd31, type: 3}
      propertyPath: m_TagString
      value: Untagged
      objectReference: {fileID: 0}
    - target: {fileID: 1986733487743170, guid: c61e4de741d37461e85f25866d1ebd31, type: 3}
      propertyPath: m_IsActive
      value: 0
      objectReference: {fileID: 0}
    - target: {fileID: 4545079059221816, guid: c61e4de741d37461e85f25866d1ebd31, type: 3}
      propertyPath: m_LocalPosition.x
      value: 0
      objectReference: {fileID: 0}
    - target: {fileID: 4545079059221816, guid: c61e4de741d37461e85f25866d1ebd31, type: 3}
      propertyPath: m_LocalPosition.y
      value: 0
      objectReference: {fileID: 0}
    - target: {fileID: 4545079059221816, guid: c61e4de741d37461e85f25866d1ebd31, type: 3}
      propertyPath: m_LocalPosition.z
      value: -0
      objectReference: {fileID: 0}
    - target: {fileID: 4545079059221816, guid: c61e4de741d37461e85f25866d1ebd31, type: 3}
      propertyPath: m_LocalRotation.x
      value: 0
      objectReference: {fileID: 0}
    - target: {fileID: 4545079059221816, guid: c61e4de741d37461e85f25866d1ebd31, type: 3}
      propertyPath: m_LocalRotation.y
      value: 0.7071068
      objectReference: {fileID: 0}
    - target: {fileID: 4545079059221816, guid: c61e4de741d37461e85f25866d1ebd31, type: 3}
      propertyPath: m_LocalRotation.z
      value: 0
      objectReference: {fileID: 0}
    - target: {fileID: 4545079059221816, guid: c61e4de741d37461e85f25866d1ebd31, type: 3}
      propertyPath: m_LocalRotation.w
      value: 0.7071068
      objectReference: {fileID: 0}
    - target: {fileID: 4545079059221816, guid: c61e4de741d37461e85f25866d1ebd31, type: 3}
      propertyPath: m_RootOrder
      value: 2
      objectReference: {fileID: 0}
    - target: {fileID: 4545079059221816, guid: c61e4de741d37461e85f25866d1ebd31, type: 3}
      propertyPath: m_LocalEulerAnglesHint.x
      value: 0
      objectReference: {fileID: 0}
    - target: {fileID: 4545079059221816, guid: c61e4de741d37461e85f25866d1ebd31, type: 3}
      propertyPath: m_LocalEulerAnglesHint.y
      value: 90
      objectReference: {fileID: 0}
    - target: {fileID: 4545079059221816, guid: c61e4de741d37461e85f25866d1ebd31, type: 3}
      propertyPath: m_LocalEulerAnglesHint.z
      value: 0
      objectReference: {fileID: 0}
    - target: {fileID: 20092747195267750, guid: c61e4de741d37461e85f25866d1ebd31,
        type: 3}
      propertyPath: m_Enabled
      value: 1
      objectReference: {fileID: 0}
    - target: {fileID: 20092747195267750, guid: c61e4de741d37461e85f25866d1ebd31,
        type: 3}
      propertyPath: m_ClearFlags
      value: 2
      objectReference: {fileID: 0}
    - target: {fileID: 20092747195267750, guid: c61e4de741d37461e85f25866d1ebd31,
        type: 3}
      propertyPath: m_BackGroundColor.r
      value: 0.92
      objectReference: {fileID: 0}
    - target: {fileID: 20092747195267750, guid: c61e4de741d37461e85f25866d1ebd31,
        type: 3}
      propertyPath: m_BackGroundColor.g
      value: 0.92
      objectReference: {fileID: 0}
    - target: {fileID: 20092747195267750, guid: c61e4de741d37461e85f25866d1ebd31,
        type: 3}
      propertyPath: m_BackGroundColor.b
      value: 0.92
      objectReference: {fileID: 0}
    - target: {fileID: 20572450475250664, guid: c61e4de741d37461e85f25866d1ebd31,
        type: 3}
      propertyPath: m_CullingMask.m_Bits
      value: 55
      objectReference: {fileID: 0}
    - target: {fileID: 20572450475250664, guid: c61e4de741d37461e85f25866d1ebd31,
        type: 3}
      propertyPath: m_ClearFlags
      value: 2
      objectReference: {fileID: 0}
    - target: {fileID: 20572450475250664, guid: c61e4de741d37461e85f25866d1ebd31,
        type: 3}
      propertyPath: m_BackGroundColor.r
      value: 0.92
      objectReference: {fileID: 0}
    - target: {fileID: 20572450475250664, guid: c61e4de741d37461e85f25866d1ebd31,
        type: 3}
      propertyPath: m_BackGroundColor.g
      value: 0.92
      objectReference: {fileID: 0}
    - target: {fileID: 20572450475250664, guid: c61e4de741d37461e85f25866d1ebd31,
        type: 3}
      propertyPath: m_BackGroundColor.b
      value: 0.92
      objectReference: {fileID: 0}
    - target: {fileID: 20930522213222284, guid: c61e4de741d37461e85f25866d1ebd31,
        type: 3}
      propertyPath: m_CullingMask.m_Bits
      value: 55
      objectReference: {fileID: 0}
    - target: {fileID: 20930522213222284, guid: c61e4de741d37461e85f25866d1ebd31,
        type: 3}
      propertyPath: m_ClearFlags
      value: 2
      objectReference: {fileID: 0}
    - target: {fileID: 20930522213222284, guid: c61e4de741d37461e85f25866d1ebd31,
        type: 3}
      propertyPath: m_BackGroundColor.r
      value: 0.92
      objectReference: {fileID: 0}
    - target: {fileID: 20930522213222284, guid: c61e4de741d37461e85f25866d1ebd31,
        type: 3}
      propertyPath: m_BackGroundColor.g
      value: 0.92
      objectReference: {fileID: 0}
    - target: {fileID: 20930522213222284, guid: c61e4de741d37461e85f25866d1ebd31,
        type: 3}
      propertyPath: m_BackGroundColor.b
      value: 0.92
      objectReference: {fileID: 0}
    - target: {fileID: 114460520290580286, guid: c61e4de741d37461e85f25866d1ebd31,
        type: 3}
      propertyPath: dontDestroyOnLoad
      value: 0
      objectReference: {fileID: 0}
    - target: {fileID: 124058817231526930, guid: c61e4de741d37461e85f25866d1ebd31,
        type: 3}
      propertyPath: m_Enabled
      value: 1
      objectReference: {fileID: 0}
    - target: {fileID: 124984793849493392, guid: c61e4de741d37461e85f25866d1ebd31,
        type: 3}
      propertyPath: m_Enabled
      value: 0
      objectReference: {fileID: 0}
    - target: {fileID: 137037042967364456, guid: c61e4de741d37461e85f25866d1ebd31,
        type: 3}
      propertyPath: m_Materials.Array.data[0]
      value: 
      objectReference: {fileID: 2100000, guid: 9cc560093ff884f819706e25b18c46e2, type: 2}
    - target: {fileID: 137859123971994456, guid: c61e4de741d37461e85f25866d1ebd31,
        type: 3}
      propertyPath: m_Materials.Array.data[0]
      value: 
      objectReference: {fileID: 2100000, guid: 9cc560093ff884f819706e25b18c46e2, type: 2}
    m_RemovedComponents: []
  m_SourcePrefab: {fileID: 100100000, guid: c61e4de741d37461e85f25866d1ebd31, type: 3}
--- !u!1 &1859300430 stripped
GameObject:
  m_CorrespondingSourceObject: {fileID: 1854678450583440, guid: c61e4de741d37461e85f25866d1ebd31,
    type: 3}
  m_PrefabInstance: {fileID: 1859300429}
  m_PrefabAsset: {fileID: 0}
--- !u!1 &1859300431 stripped
GameObject:
  m_CorrespondingSourceObject: {fileID: 1986733487743170, guid: c61e4de741d37461e85f25866d1ebd31,
    type: 3}
  m_PrefabInstance: {fileID: 1859300429}
  m_PrefabAsset: {fileID: 0}
--- !u!1 &1859300432 stripped
GameObject:
  m_CorrespondingSourceObject: {fileID: 1799026754646168, guid: c61e4de741d37461e85f25866d1ebd31,
    type: 3}
  m_PrefabInstance: {fileID: 1859300429}
  m_PrefabAsset: {fileID: 0}
--- !u!114 &1859300433
MonoBehaviour:
  m_ObjectHideFlags: 0
  m_CorrespondingSourceObject: {fileID: 0}
  m_PrefabInstance: {fileID: 0}
  m_PrefabAsset: {fileID: 0}
  m_GameObject: {fileID: 1859300430}
  m_Enabled: 1
  m_EditorHideFlags: 0
  m_Script: {fileID: 11500000, guid: cd14c7abcfeeeee4684c917d077a7e30, type: 3}
  m_Name: 
  m_EditorClassIdentifier: 
  noiseTex: {fileID: 0}
  quadMesh: {fileID: 0}
  hbaoShader: {fileID: 4800000, guid: 7b834eafaedd0d842bb05a969d9d14bd, type: 3}
  m_Presets:
    preset: 2
  m_GeneralSettings:
    integrationStage: 0
    quality: 2
    deinterleaving: 0
    resolution: 0
    noiseType: 1
    displayMode: 0
  m_AOSettings:
    radius: 0.8
    maxRadiusPixels: 128
    bias: 0.05
    intensity: 1
    useMultiBounce: 0
    multiBounceInfluence: 1
    offscreenSamplesContribution: 0
    maxDistance: 150
    distanceFalloff: 50
    perPixelNormals: 0
    baseColor: {r: 0, g: 0, b: 0, a: 1}
  m_ColorBleedingSettings:
    enabled: 0
    saturation: 1
    albedoMultiplier: 4
    brightnessMask: 1
    brightnessMaskRange: {x: 0.8, y: 1.2}
  m_BlurSettings:
    amount: 2
    sharpness: 8
    downsample: 0
--- !u!114 &1859300434
MonoBehaviour:
  m_ObjectHideFlags: 0
  m_CorrespondingSourceObject: {fileID: 0}
  m_PrefabInstance: {fileID: 0}
  m_PrefabAsset: {fileID: 0}
  m_GameObject: {fileID: 1859300431}
  m_Enabled: 1
  m_EditorHideFlags: 0
  m_Script: {fileID: 11500000, guid: 84ce7ab38d3cb40bfb531a81b9acac7c, type: 3}
  m_Name: 
  m_EditorClassIdentifier: 
--- !u!114 &1859300435
MonoBehaviour:
  m_ObjectHideFlags: 0
  m_CorrespondingSourceObject: {fileID: 0}
  m_PrefabInstance: {fileID: 0}
  m_PrefabAsset: {fileID: 0}
  m_GameObject: {fileID: 1859300432}
  m_Enabled: 1
  m_EditorHideFlags: 0
  m_Script: {fileID: 11500000, guid: 84ce7ab38d3cb40bfb531a81b9acac7c, type: 3}
  m_Name: 
  m_EditorClassIdentifier: 
--- !u!4 &1859300436 stripped
Transform:
  m_CorrespondingSourceObject: {fileID: 4684771153913254, guid: c61e4de741d37461e85f25866d1ebd31,
    type: 3}
  m_PrefabInstance: {fileID: 1859300429}
  m_PrefabAsset: {fileID: 0}
--- !u!20 &1859300438 stripped
Camera:
  m_CorrespondingSourceObject: {fileID: 20092747195267750, guid: c61e4de741d37461e85f25866d1ebd31,
    type: 3}
  m_PrefabInstance: {fileID: 1859300429}
  m_PrefabAsset: {fileID: 0}
--- !u!114 &1859300450
MonoBehaviour:
  m_ObjectHideFlags: 0
  m_CorrespondingSourceObject: {fileID: 0}
  m_PrefabInstance: {fileID: 0}
  m_PrefabAsset: {fileID: 0}
  m_GameObject: {fileID: 1859300430}
  m_Enabled: 1
  m_EditorHideFlags: 0
  m_Script: {fileID: 11500000, guid: 8c08cca87715e4e3d9663ddaf456bda8, type: 3}
  m_Name: 
  m_EditorClassIdentifier: 
  rotationEnabled: 1
  translationEnabled: 0
  mouseSensitivity: 3
  straffeSpeed: 5
--- !u!114 &1859300451
MonoBehaviour:
  m_ObjectHideFlags: 0
  m_CorrespondingSourceObject: {fileID: 0}
  m_PrefabInstance: {fileID: 0}
  m_PrefabAsset: {fileID: 0}
  m_GameObject: {fileID: 1859300430}
  m_Enabled: 1
  m_EditorHideFlags: 0
  m_Script: {fileID: 11500000, guid: eb5dd43baba2d4dc1bab789615567e3d, type: 3}
  m_Name: 
  m_EditorClassIdentifier: 
  raycasterEventMask:
    serializedVersion: 2
    m_Bits: 4294967295
  maxRaycastHits: 64
--- !u!114 &1859300452
MonoBehaviour:
  m_ObjectHideFlags: 0
  m_CorrespondingSourceObject: {fileID: 0}
  m_PrefabInstance: {fileID: 0}
  m_PrefabAsset: {fileID: 0}
  m_GameObject: {fileID: 1859300430}
  m_Enabled: 1
  m_EditorHideFlags: 0
  m_Script: {fileID: 11500000, guid: a79441f348de89743a2939f4d699eac1, type: 3}
  m_Name: 
  m_EditorClassIdentifier: 
  m_RenderShadows: 1
  m_RequiresDepthTextureOption: 2
  m_RequiresOpaqueTextureOption: 2
  m_CameraType: 0
  m_Cameras: []
  m_RendererIndex: -1
  m_VolumeLayerMask:
    serializedVersion: 2
    m_Bits: 1
  m_VolumeTrigger: {fileID: 0}
  m_RenderPostProcessing: 0
  m_Antialiasing: 0
  m_AntialiasingQuality: 2
  m_StopNaN: 0
  m_Dithering: 0
  m_ClearDepth: 1
  m_RequiresDepthTexture: 0
  m_RequiresColorTexture: 0
  m_Version: 2
--- !u!114 &1859300453
MonoBehaviour:
  m_ObjectHideFlags: 0
  m_CorrespondingSourceObject: {fileID: 0}
  m_PrefabInstance: {fileID: 0}
  m_PrefabAsset: {fileID: 0}
  m_GameObject: {fileID: 1859300430}
  m_Enabled: 1
  m_EditorHideFlags: 0
  m_Script: {fileID: 11500000, guid: f2f99051f6f9b0b4082a45662c6ef69b, type: 3}
  m_Name: 
  m_EditorClassIdentifier: 
--- !u!1 &2101288298 stripped
GameObject:
  m_CorrespondingSourceObject: {fileID: 1207760918314088, guid: c61e4de741d37461e85f25866d1ebd31,
    type: 3}
  m_PrefabInstance: {fileID: 1859300429}
  m_PrefabAsset: {fileID: 0}
--- !u!20 &2101288299 stripped
Camera:
  m_CorrespondingSourceObject: {fileID: 20930522213222284, guid: c61e4de741d37461e85f25866d1ebd31,
    type: 3}
  m_PrefabInstance: {fileID: 1859300429}
  m_PrefabAsset: {fileID: 0}
--- !u!114 &2101288300
MonoBehaviour:
  m_ObjectHideFlags: 0
  m_CorrespondingSourceObject: {fileID: 0}
  m_PrefabInstance: {fileID: 0}
  m_PrefabAsset: {fileID: 0}
  m_GameObject: {fileID: 2101288298}
  m_Enabled: 1
  m_EditorHideFlags: 0
  m_Script: {fileID: 11500000, guid: eb5dd43baba2d4dc1bab789615567e3d, type: 3}
  m_Name: 
  m_EditorClassIdentifier: 
  raycasterEventMask:
    serializedVersion: 2
    m_Bits: 4294967295
  maxRaycastHits: 64
--- !u!114 &2101288302
MonoBehaviour:
  m_ObjectHideFlags: 0
  m_CorrespondingSourceObject: {fileID: 0}
  m_PrefabInstance: {fileID: 0}
  m_PrefabAsset: {fileID: 0}
  m_GameObject: {fileID: 2101288298}
  m_Enabled: 1
  m_EditorHideFlags: 0
  m_Script: {fileID: 11500000, guid: a79441f348de89743a2939f4d699eac1, type: 3}
  m_Name: 
  m_EditorClassIdentifier: 
  m_RenderShadows: 1
  m_RequiresDepthTextureOption: 2
  m_RequiresOpaqueTextureOption: 2
  m_CameraType: 0
  m_Cameras: []
  m_RendererIndex: -1
  m_VolumeLayerMask:
    serializedVersion: 2
    m_Bits: 1
  m_VolumeTrigger: {fileID: 0}
  m_RenderPostProcessing: 0
  m_Antialiasing: 0
  m_AntialiasingQuality: 2
  m_StopNaN: 0
  m_Dithering: 0
  m_ClearDepth: 1
  m_RequiresDepthTexture: 0
  m_RequiresColorTexture: 0
  m_Version: 2
